@article{HAMAM_Cinco_2017,
  author = {HAMAM, Adma},
  title = {Cinco faces do Brasil},
  journal = {Retratos, Rio de Janeiro},
  volume = {6},
  pages = {9-12},
  month = {dez.},
  year = {2017},
  note = {Dispon√≠vel em: \url{https://agenciadenoticias.ibge.gov.br/media/com_mediaibge/arquivos/3ee63778c4cfdcbbe4684937273d15e2.pdf}. Acessado em: 13 jul. 2025.}
}