@article{bhat2010moving,
  title={Moving towards non-relational databases},
  author={Bhat, Uma and Jadhav, Shraddha},
  journal={International Journal of Computer Applications},
  volume={1},
  number={13},
  pages={40--47},
  year={2010},
  publisher={Citeseer}
}

@misc{moniruzzaman2013nosqldatabasenewera,
  title={NoSQL Database: New Era of Databases for Big data Analytics - Classification, Characteristics and Comparison},
  author={Moniruzzaman, A B M and Hossain, Syed Akhter},
  year={2013},
  eprint={1307.0191},
  archivePrefix={arXiv},
  primaryClass={cs.DB},
  url={https://arxiv.org/abs/1307.0191},
}

@inproceedings{mason2015nosql,
  title={NoSQL databases and data modeling techniques for a document-oriented NoSQL database},
  author={Mason, Robert T},
  booktitle={Proceedings of informing science \& IT education conference (InSITE)},
  volume={3},
  pages={259--268},
  year={2015}
}

@inproceedings{mohan2013history,
  title={History repeats itself: sensible and NonsenSQL aspects of the NoSQL hoopla},
  author={Mohan, C},
  booktitle={Proceedings of the 16th International Conference on Extending Database Technology},
  pages={11--16},
  year={2013}
}

@article{abramova2014nosql,
  title={Which nosql database? a performance overview},
  author={Abramova, Veronika and Bernardino, Jorge and Furtado, Pedro},
  journal={Open Journal of Databases (OJDB)},
  volume={1},
  number={2},
  pages={17--24},
  year={2014},
  publisher={RonPub}
}

@misc{carronosql,
  title={NoSQL Databases, CoRR},
  author={Carro, Massimo},
  year={2014}
}

@article{gallinucci2018schema,
  title={Schema profiling of document-oriented databases},
  author={Gallinucci, Enrico and Golfarelli, Matteo and Rizzi, Stefano},
  journal={Information Systems},
  volume={75},
  pages={13--25},
  year={2018},
  publisher={Elsevier}
}

@article{fielding2000thesis,
  title={Architectural styles and the design of network-based software architectures},
  author={Fielding, Roy Thoma},
  journal={Ph. D. Thesis, UC Irvine},
  year={2000}
}

@article{birgen2014sql,
  title={SQL vs. NoSQL},
  author={Birgen, Cansu and Preisig, Heinz and Morud, John},
  journal={Norwegian University of Science and Technology, Scholar article},
  year={2014}
}

@article{agrawal2015survey,
  title={Survey on Mongodb: an open-source document database},
  author={Agrawal, Smita and Verma, Jai Prakash and Mahidhariya, Brijesh and Patel, Nimesh and Patel, Atul},
  journal={Database},
  volume={1},
  number={2},
  pages={4},
  year={2015}
}

@inproceedings{chasseur2013enabling,
  title={Enabling JSON Document Stores in Relational Systems.},
  author={Chasseur, Craig and Li, Yinan and Patel, Jignesh M},
  booktitle={WebDB},
  volume={13},
  pages={14--25},
  year={2013}
}

@article{davoudianchenliu2018,
author = {Davoudian, Ali and Chen, Liu and Liu, Mengchi},
title = {A Survey on NoSQL Stores},
year = {2018},
issue_date = {March 2019},
publisher = {Association for Computing Machinery},
address = {New York, NY, USA},
volume = {51},
number = {2},
issn = {0360-0300},
url = {https://doi.org/10.1145/3158661},
doi = {10.1145/3158661},
journal = {{ACM Comput. Surv.}},
month = apr,
articleno = {40},
numpages = {43},
keywords = {replication, partitioning, elasticity, data model, consistency model, NoSQL, CAP theorem, ACID}
}

@article{jatana2012survey,
  title={A survey and comparison of relational and non-relational database},
  author={Jatana, Nishtha and Puri, Sahil and Ahuja, Mehak and Kathuria, Ishita and Gosain, Dishant},
  journal={International Journal of Engineering Research \& Technology},
  volume={1},
  number={6},
  pages={1--5},
  year={2012}
}

@inproceedings{atzeni2012uniform,
  title={Uniform access to non-relational database systems: The SOS platform},
  author={Atzeni, Paolo and Bugiotti, Francesca and Rossi, Luca},
  booktitle={Advanced Information Systems Engineering: 24th International Conference, CAiSE 2012, Gdansk, Poland, June 25-29, 2012. Proceedings 24},
  pages={160--174},
  year={2012},
  organization={Springer}
}

@article{padhy2011rdbms,
  title={RDBMS to NoSQL: reviewing some next-generation non-relational database’s},
  author={Padhy, Rabi Prasad and Patra, Manas Ranjan and Satapathy, Suresh Chandra},
  journal={International Journal of Advanced Engineering Science and Technologies},
  volume={11},
  number={1},
  pages={15--30},
  year={2011}
}

@article{leavitt2010will,
  title={Will NoSQL databases live up to their promise?},
  author={Leavitt, Neal},
  journal={Computer},
  volume={43},
  number={2},
  pages={12--14},
  year={2010}
}

@article{nayak2013type,
  title={Type of NOSQL databases and its comparison with relational databases},
  author={Nayak, Ameya and Poriya, Anil and Poojary, Dikshay},
  journal={International Journal of Applied Information Systems},
  volume={5},
  number={4},
  pages={16--19},
  year={2013}
}

@article{mapanga2013database,
  title={Database management systems: A nosql analysis},
  author={Mapanga, Innocent and Kadebu, Prudence},
  journal={Interna-tional Journal of Modern Communication Technologies \& Research (IJMCTR)},
  volume={1},
  pages={12--18},
  year={2013}
}

@misc{bsonspec2025,
  author = {{Bson}},
  title = {{BSON Specification}},
  url = {https://bsonspec.org/},
  urldate = {2025-03-28},
  year = {2025}
}

@misc{bsonspecversion112025,
  author = {{Bson}},
  title = {{BSON Version 1.1}},
  url = {https://bsonspec.org/spec.html},
  urldate = {2025-03-28},
  year = {2025}
}

@misc{bsonspecimplementation2025,
  author = {{Bson}},
  title = {{BSON Implementation}},
  url = {https://bsonspec.org/implementations.html},
  urldate = {2025-03-28},
  year = {2025}
}

@misc{jsonintroduction2025,
  author = {{Json}},
  title = {Introducing JSON},
  url = {https://www.json.org/json-en.html},
  urldate = {2025-03-28},
  year = {2025}
}

@article{cattell2011scalable,
  title={Scalable SQL and NoSQL data stores},
  author={Cattell, Rick},
  journal={Acm Sigmod Record},
  volume={39},
  number={4},
  pages={12--27},
  year={2011},
  publisher={ACM New York, NY, USA}
}

@article{brewer2012cap,
  title={CAP twelve years later: How the" rules" have changed},
  author={Brewer, Eric},
  journal={Computer},
  volume={45},
  number={2},
  pages={23--29},
  year={2012},
  publisher={IEEE}
}

@article{hajoui2018nosql,
  title={Which NoSQL Database to Combine with Spark for Real Time Big Data Analytics?},
  author={Hajoui, Omar and Talea, Mohamed},
  journal={International Journal of Computer Science and Information Security (IJCSIS)},
  volume={16},
  number={1},
  year={2018}
}

@misc{rfc9110,
  title={Rfc 9110: Http semantics},
  author={Fielding, R and Nottingham, M and Reschke, J},
  year={2022},
  publisher={RFC Editor}
}

@article{herchi_abdessalem_2012,
  author    = {Herchi, Hatem and Abdessalem, Wahiba Ben},
  title     = {From user requirements to {UML} class diagram},
  journal   = {CoRR},
  volume    = {abs/1211.0713},
  year      = {2012},
  url       = {http://arxiv.org/abs/1211.0713},
  eprinttype = {arXiv},
  eprint    = {1211.0713},
  timestamp = {Mon, 13 Aug 2018 16:48:06 +0200},
  biburl    = {https://dblp.org/rec/journals/corr/abs-1211-0713.bib},
  bibsource = {dblp computer science bibliography, https://dblp.org}
}

@article{nanthaamornphong2019extended,
  title={Extended ForUML for Automatic Generation of UML Sequence Diagrams from Object-Oriented Fortran},
  author={Nanthaamornphong, Aziz and Leatongkam, Anawat},
  journal={Scientific Programming},
  volume={2019},
  number={1},
  pages={2542686},
  year={2019},
  publisher={Wiley Online Library}
}

@article{BERARDI200570,
title = {Reasoning on UML class diagrams},
journal = {Artificial Intelligence},
volume = {168},
number = {1},
pages = {70-118},
year = {2005},
issn = {0004-3702},
doi = {https://doi.org/10.1016/j.artint.2005.05.003},
url = {https://www.sciencedirect.com/science/article/pii/S0004370205000792},
author = {Berardi, Daniela and Calvanese, Diego and Giacomo, Giuseppe De}
}

@article{vo2020transformation,
  title={Transformation of uml class diagram into owl ontology},
  author={Vo, Minh Hoang Lien and Hoang, Quang},
  journal={Journal of Information and Telecommunication},
  volume={4},
  number={1},
  pages={1--16},
  year={2020},
  publisher={Taylor \& Francis}
}

@article{mcguire2013publisher,
  title={A publisher’s job is to provide a good API for books: you can start with your index1},
  author={McGuire, Hugh},
  journal={The Indexer: The International Journal of Indexing},
  volume={31},
  number={1},
  pages={36--38},
  year={2013},
  publisher={Liverpool University Press}
}

@inproceedings{matilainen2011multicore,
  title={Multicore Communications API (MCAPI) implementation on an FPGA multiprocessor},
  author={Matilainen, Lauri and Salminen, Erno and H{\"a}m{\"a}l{\"a}inen, Timo D and H{\"a}nnik{\"a}inen, Marko},
  booktitle={2011 International Conference on Embedded Computer Systems: Architectures, Modeling and Simulation},
  pages={286--293},
  year={2011},
  organization={IEEE}
}

@article{hussain2020enterprise,
  title={Enterprise API security and GDPR compliance: Design and implementation perspective},
  author={Hussain, Fatima and Hussain, Rasheed and Noye, Brett and Sharieh, Salah},
  journal={IT professional},
  volume={22},
  number={5},
  pages={81--89},
  year={2020},
  publisher={IEEE}
}

@article{swaminathan2016review,
  title={A review on genomics APIs},
  author={Swaminathan, Rajeswari and Huang, Yungui and Moosavinasab, Soheil and Buckley, Ronald and Bartlett, Christopher W and Lin, Simon M},
  journal={Computational and Structural Biotechnology Journal},
  volume={14},
  pages={8--15},
  year={2016},
  publisher={Elsevier}
}

@inproceedings{aksu2016visualization,
  title={Visualization of API Experience},
  author={Aksu, Hakan and L{\"a}mmel, Ralf and Kwasnik, Wojciech},
  booktitle={Softwaretechnik-Trends Band 36, Heft 3},
  year={2016},
  organization={Geselllschaft f{\"u}r Informatik eV}
}

@article{dullabh2020application,
  title={Application programming interfaces in health care: findings from a current-state sociotechnical assessment},
  author={Dullabh, Prashila and Hovey, Lauren and Heaney-Huls, Krysta and Rajendran, Nithya and Wright, Adam and Sittig, Dean F},
  journal={Applied clinical informatics},
  volume={11},
  number={01},
  pages={059--069},
  year={2020},
  publisher={Georg Thieme Verlag KG}
}

@inproceedings{su2024modular,
  title={Modular Monolith: Is this the trend in software architecture?},
  author={Su, Ruoyu and Li, Xiaozhou},
  booktitle={Proceedings of the 1st International Workshop on New Trends in Software Architecture},
  pages={10--13},
  year={2024}
}

@article{wegner1996,
    author = {Wegner, Peter},
    title = {Interoperability},
    year = {1996},
    issue_date = {March 1996},
    publisher = {Association for Computing Machinery},
    address = {New York, NY, USA},
    volume = {28},
    number = {1},
    issn = {0360-0300},
    url = {https://doi.org/10.1145/234313.234424},
    doi = {10.1145/234313.234424},
    journal = {ACM Comput. Surv.},
    month = mar,
    pages = {285–287},
    numpages = {3}
}

@article{prajapati2019asp,
  title={ASP. NET MVC-generic repository pattern and unit of work},
  author={Prajapati, Mukesh and others},
  journal={International Journal Of All Research Writings},
  volume={1},
  number={1},
  pages={23--30},
  year={2019}
}

@inproceedings{mcnamara2022flexible,
  title={A flexible interpreter for intent realisation},
  author={McNamara, Joseph and Aumayr, Erik and Fallon, Liam and Fallon, Enda},
  booktitle={NOMS 2022-2022 IEEE/IFIP Network Operations and Management Symposium},
  pages={1--6},
  year={2022},
  organization={IEEE}
}

@article{rajagopal2017study,
  title={A Study: Uml For Ooa And Ood},
  author={Rajagopal, D and Thilakavalli, K},
  journal={International Journal of Knowledge Content Development \& Technology},
  volume={7},
  number={2},
  year={2017}
}

@article{CAGILTAY20132184,
title = {Performing and analyzing non-formal inspections of entity relationship diagram (ERD)},
journal = {Journal of Systems and Software},
volume = {86},
number = {8},
pages = {2184-2195},
year = {2013},
issn = {0164-1212},
doi = {https://doi.org/10.1016/j.jss.2013.03.106},
url = {https://www.sciencedirect.com/science/article/pii/S0164121213001015},
author = {Nergiz Ercil Cagiltay and Gul Tokdemir and Ozkan Kilic and Damla Topalli},
keywords = {Defect detection, ERD, Eye tracking}
}

@article{juristo2006guest,
  title={Guest editors' introduction: Software testing practices in industry},
  author={Juristo, Natalia and Moreno, Ana M and Strigel, Wolfgang},
  journal={IEEE software},
  volume={23},
  number={4},
  pages={19--21},
  year={2006},
  publisher={IEEE}
}

@article{meyer2008seven,
  title={Seven principles of software testing},
  author={Meyer, Bertrand},
  journal={Computer},
  volume={41},
  number={8},
  pages={99--101},
  year={2008},
  publisher={IEEE}
}

@article{madhavi2016white,
  title={A White Box Testing Technique in Softwre Testing: Basis Path Testing},
  author={Madhavi, Dr},
  journal={Journal for Research},
  volume={1},
  number={04},
  year={2016}
}

@article{jindal2016importance,
  title={Importance of Testing in SDLC},
  author={Jindal, Tanu},
  journal={International Journal of Engineering and Applied Computer Science (IJEACS)},
  volume={1},
  number={02},
  pages={54--56},
  year={2016}
}

@article{anand2019importance,
  title={Importance of software testing in the process of software development},
  author={Anand, A and Uddin, A},
  journal={International Journal for Scientfic Research and Development},
  volume={12},
  number={6},
  year={2019}
}

@article{pocatilu2002automated,
  title={Automated software testing process},
  author={Pocatilu, Paul},
  journal={Economy Informatics},
  volume={1},
  pages={97--99},
  year={2002}
}

@article{huang2003automated,
  title={Automated solutions: Improving the efficiency of software testing},
  author={Huang, Zhenyu and Carter, Lisa},
  journal={Issues in Information Systems},
  volume={4},
  pages={171--177},
  year={2003}
}

@article{vijayasree2022review,
  title={A Review on the Process of Automated Software Testing},
  author={Vijayasree, Dasari and Roopa, Nadendla Sai and Arun, Anugu and others},
  journal={arXiv preprint arXiv:2209.03069},
  year={2022}
}

@article{khaliq2022artificial,
  title={Artificial Intelligence in Software Testing: Impact},
  author={Khaliq, Zubair and Farooq, Sheikh Umar and Khan, Dawood},
  journal={Problems, Challenges and Prospect},
  year={2022}
}

@article{abo2023role,
  title={The role of Reinforcement Learning in software testing},
  author={Abo-eleneen, Amr and Palliyali, Ahammed and Catal, Cagatay},
  journal={Information and Software Technology},
  volume={164},
  pages={107325},
  year={2023},
  publisher={Elsevier}
}

@article{hussain2015comparative,
  title={A comparative study of software testing techniques viz. white box testing black box testing and grey box testing},
  author={Hussain, Taraq and Singh, Satyaveer},
  journal={IJAPRR, ISSN},
  pages={2350--1294},
  year={2015}
}

@article{tuteja2012research,
  title={A research study on importance of testing and quality assurance in software development life cycle (SDLC) models},
  author={Tuteja, Maneela and Dubey, Gaurav and others},
  journal={International Journal of Soft Computing and Engineering (IJSCE)},
  volume={2},
  number={3},
  pages={251--257},
  year={2012},
  publisher={Citeseer}
}

@book{yadav2019software,
  title={SOFTWARE TESTING.},
  author={YADAV, AK and Rai, Ashutosh and Verma, Priyaranjan},
  year={2019},
  publisher={Citeseer}
}

@inproceedings{sanchez2020beyond,
  title={Beyond technical skills in software testing: Automated versus manual testing},
  author={S{\'a}nchez-Gord{\'o}n, Mary and Rijal, Laxmi and Colomo-Palacios, Ricardo},
  booktitle={Proceedings of the IEEE/ACM 42nd International Conference on Software Engineering Workshops},
  pages={161--164},
  year={2020}
}


@article{sethi2017review,
  title={A review paper on levels, types \& techniques in software testing},
  author={Sethi, Ms Ankita},
  journal={International Journal of Advanced Research in Computer Science},
  volume={8},
  number={7},
  pages={269--271},
  year={2017}
}

@article{thant2023impact,
  title={The impact of manual and automatic testing on software testing efficiency and effectiveness},
  author={Thant, KS and Tin, HHK},
  journal={Indian journal of science and research},
  volume={3},
  number={3},
  pages={88--93},
  year={2023}
}

@article{meenakshi2014software,
  title={Software testing techniques in software development life cycle},
  author={Meenakshi, D and Naik, J Swami and Reddy, M Raghavendra},
  journal={Int J Comput Sci Inf Technol},
  volume={5},
  pages={3729--3731},
  year={2014},
  publisher={Citeseer}
}

@article{kumar2015comparative,
  title={A comparative study of black box testing and white box testing techniques},
  author={Kumar, Manish and Singh, Santosh Kumar and Dwivedi, RK and others},
  journal={International Journal of Advance Research in Computer Science and Management Studies},
  volume={3},
  number={10},
  year={2015}
}

@article{khan2011different,
  title={Different approaches to black box testing technique for finding errors},
  author={Khan, Mohd Ehmer and others},
  journal={International Journal of Software Engineering \& Applications},
  volume={2},
  number={4},
  pages={31},
  year={2011},
  publisher={Academy \& Industry Research Collaboration Center (AIRCC)}
}

@misc{alfedaghi2021validationconceptualversusactivity,
      title={Validation: Conceptual versus Activity Diagram Approaches}, 
      author={Sabah Al-Fedaghi},
      year={2021},
      eprint={2106.16160},
      archivePrefix={arXiv},
      primaryClass={cs.SE},
      url={https://arxiv.org/abs/2106.16160}, 
}

@INPROCEEDINGS{panigrahi2018,
  author={Panigrahi, Satya Sobhan and Shaurya, Shreshtha and Das, Pramita and Swain, Anil Kumar and Jena, Ajay Kumar},
  booktitle={2018 International Conference on Information Technology (ICIT)}, 
  title={Test Scenarios Generation Using UML Sequence Diagram}, 
  year={2018},
  volume={},
  number={},
  pages={50-56},
  keywords={Unified modeling language;Online banking;Software;Pins;Software testing;Standards;Test scenarios, UML, sequence diagram, DFS, sequence diagram graph},
  doi={10.1109/ICIT.2018.00022}
}

@online{springboottest_api,
  author       = {{Spring}},
  title        = {SpringBootTesT},
  year = {2025}
}

@online{junit5testmethodorder_api,
  author       = {{JUnit 5}},
  title        = {TestMethodOrder},
  year = {2025}
}

@misc{junit5_methodorderer_api,
  author       = {{JUnit 5}},
  title        = {MethodOrderer},
  year         = {2025},
}

@misc{junit5_order_api,
  author       = {{JUnit 5}},
  title        = {Order},
  year         = {2025},
}

@misc{junit5_test_api,
  author       = {{JUnit 5}},
  title        = {Test},
  year         = {2025},
}

@article{umar2019study,
  title={A study of automated software testing: Automation tools and frameworks},
  author={Umar, Mubarak Albarka and Zhanfang, Chen},
  journal={International Journal of Computer Science Engineering (IJCSE)},
  volume={6},
  number={217-225},
  pages={47--48},
  year={2019}
}

@article{ostrand_balcer_1988,
author = {Ostrand, T. J. and Balcer, M. J.},
title = {The category-partition method for specifying and generating fuctional tests},
year = {1988},
issue_date = {June 1988},
publisher = {Association for Computing Machinery},
address = {New York, NY, USA},
volume = {31},
number = {6},
issn = {0001-0782},
url = {https://doi.org/10.1145/62959.62964},
doi = {10.1145/62959.62964},
journal = {Commun. ACM},
month = jun,
pages = {676–686},
numpages = {11}
}

@book{massol2004junit,
  title={JUnit in action},
  author={Massol, Vincent},
  year={2004},
  publisher={Citeseer}
}

@article{anwar2021implementation,
  title={Implementation Of Database Auditing By Synchronization DBMS},
  author={Anwar, Muhammad Rehan and Panjaitan, Ria and Supriati, Ruli},
  journal={International Journal of Cyber and IT Service Management},
  volume={1},
  number={2},
  pages={197--205},
  year={2021},
  publisher={International Institute for Advanced Science and Technology}
}

@article{rawat2021mysql,
  title={Mysql database management system (dbms) on ftp site lapan bandung},
  author={Rawat, Bhupest and Purnama, Suryari and others},
  journal={International Journal of Cyber and IT Service Management},
  volume={1},
  number={2},
  pages={173--179},
  year={2021},
  publisher={International Institute for Advanced Science and Technology}
}

@inproceedings{pantaleev2007identifying,
  title={Identifying data transfer objects in EJB applications},
  author={Pantaleev, Alexandar and Rountev, Atanas},
  booktitle={Fifth International Workshop on Dynamic Analysis (WODA'07)},
  pages={5--5},
  year={2007},
  organization={IEEE}
}

@article{prakharenka2019development,
  title={Development of data conversion subsystem in the online bookmaker platform},
  author={Prakharenka, AS and Liauchuk, VD},
  year={2019},
  journal = {Francisk Skorina Gomel State University, Gomel},
  publisher={Гомельский государственный университет имени Ф. Скорины}
}

@inproceedings{lee2018bridgify,
  title={Bridgify: interoperability library for structural design},
  author={Lee, Juhun and Sjoberg, Christian H},
  booktitle={Proceedings of IASS Annual Symposia},
  volume={2018},
  pages={1--5},
  year={2018},
  organization={International Association for Shell and Spatial Structures (IASS)}
}

@misc{ietf_rfc_website,
  author       = {{IETF}},
  title        = {RFC's description},
  year = {2025}
}

@inproceedings{fard2013jsnose,
  title={Jsnose: Detecting javascript code smells},
  author={Fard, Amin Milani and Mesbah, Ali},
  booktitle={2013 IEEE 13th international working conference on Source Code Analysis and Manipulation (SCAM)},
  pages={116--125},
  year={2013},
  organization={IEEE}
}

@article{stothard2000sequence,
  title={The sequence manipulation suite: JavaScript programs for analyzing and formatting protein and DNA sequences},
  author={Stothard, Paul},
  journal={Biotechniques},
  volume={28},
  number={6},
  pages={1102--1104},
  year={2000},
  publisher={Taylor \& Francis}
}

@article{gomez2020crudyleaf,
  title={CRUDyLeaf: a DSL for generating spring boot REST APIs from entity CRUD operations},
  author={G{\'o}mez, Omar S and Rosero, Ra{\'u}l H and Cort{\'e}s-Verd{\'\i}n, Karen},
  journal={Cybernetics and Information Technologies},
  volume={20},
  number={3},
  pages={3--14},
  year={2020},
  publisher={Sciendo}
}

@misc{kotlin_getting_started,
  author       = "{Kotlin}",
  title        = "{Getting Started with Kotlin}",
  year = {2025}
}

@inbook{jacob2003,
author = {Jacob, Robert J. K.},
title = {User interface},
year = {2003},
isbn = {0470864125},
publisher = {John Wiley and Sons Ltd.},
address = {GBR},
pages = {1821–1826},
numpages = {6}
}

@article{he2006comparison,
  title={Comparison of the Modeling Languages Alloy and UML.},
  author={He, Yujing},
  journal={Software Engineering Research and Practice},
  volume={2},
  pages={671--677},
  year={2006},
  publisher={Citeseer}
}

@article{garcia2004uml,
  title={UML: The Standard Object Modelling Language},
  author={Garc{\'\i}a-Molina, Jes{\'u}s and Moreira, Ana and Rossi, Gustavo},
  year={2004}
}

@online{rfc3986,
  title        = {{Uniform Resource Identifier (URI): Generic Syntax}},
  author       = {Berners-Lee, T. and Fielding, R. and Masinter, L.},
  series       = {Request for Comments},
  number       = {3986},
  publisher    = {RFC Editor},
  doi          = {10.17487/RFC3986},
  url          = {https://www.rfc-editor.org/rfc/rfc3986},
  urldate      = {2025-04-10}
}

@misc{lindholm2014java,
  title={The Java virtual machine specification, Java SE},
  author={Lindholm, Tim and Yellin, Frank and Bracha, Gilad and Buckley, Alex},
  year={2014},
  publisher={Addison-Wesley Professional}
}

@article{viswanathan2000java,
  title={Java virtual machine profiler interface},
  author={Viswanathan, Deepa and Liang, Sheng},
  journal={IBM Systems Journal},
  volume={39},
  number={1},
  pages={82--95},
  year={2000},
  publisher={IBM}
}

@article{kim1982optimizing,
  title={On optimizing an SQL-like nested query},
  author={Kim, Won},
  journal={ACM Transactions on Database Systems (TODS)},
  volume={7},
  number={3},
  pages={443--469},
  year={1982},
  publisher={ACM New York, NY, USA}
}

@inproceedings{blacher2022machine,
  title={Machine learning, linear algebra, and more: Is SQL all you need?},
  author={Blacher, Mark and Giesen, Joachim and Laue, S{\"o}ren and Klaus, Julien and Leis, Viktor},
  booktitle={CIDR},
  year={2022}
}

@misc{bell2003uml,
  title={UML basics: An introduction to the Unified Modeling Language, IBM Developer Works},
  author={Bell, D},
  year={2003}
}

@article{rajput2015uml,
  title={Uml based approach for system reliability assessment},
  author={Rajput, Bhagat Singh and Chourey, Vaishali},
  journal={International Journal of Computer Applications},
  volume={131},
  number={2},
  pages={0975--8887},
  year={2015},
  publisher={Citeseer}
}

@misc{iana_about,
  author = {{IANA}},
  title = {About IANA},
}

@article{thakur2019role,
  title={The Role of Model-View Controller in Object Oriented Software Development Ram Naresh Thakur1 and US Pandey2},
  author={Thakur, Ram Naresh},
  journal={architecture},
  volume={2},
  year={2019}
}

@article{singh2016comparative,
  title={Comparative study of MVC (model view controller) architecture with respect to struts framework and PHP},
  author={Singh, Sindhu and Iyer, Jaya},
  journal={International Journal of Computer Science Engineering (IJCSE)},
  volume={5},
  number={3},
  pages={142--150},
  year={2016}
}

@article{jivani2013over,
  title={Over all idea about mvc: How to use model-view-controller (mvc)},
  author={Jivani, Parth and Chopara, Chhaya and Prashant, Mehta},
  journal={International Journal of Innovations in Engineering and Technology (IJIET)},
  pages={391--395},
  year={2013},
  publisher={Citeseer}
}

@article{thakur2019study,
  title={A study focused on web application development using MVC design pattern},
  author={Thakur, Ram Naresh and Pandey, US},
  journal={International Research Journal of Engineering and Technology},
  volume={6},
  number={8},
  pages={237--244},
  year={2019}
}

@article{lee2012survey,
  title={Survey on software testing practices},
  author={Lee, Jihyun and Kang, Sungwon and Lee, Danhyung},
  journal={IET software},
  volume={6},
  number={3},
  pages={275--282},
  year={2012},
  publisher={IET}
}

@article{hynninen2023development,
  title={Development directions in software testing and quality assurance},
  journal ={LUT University},
  author={Hynninen, Timo},
  year={2023},
  publisher={Lappeenranta-Lahti University of Technology LUT}
}

@article{kasurinen2010software,
  title={Software test automation in practice: empirical observations},
  author={Kasurinen, Jussi and Taipale, Ossi and Smolander, Kari},
  journal={Advances in Software Engineering},
  volume={2010},
  number={1},
  pages={620836},
  year={2010},
  publisher={Wiley Online Library}
}